\begin{thebibliography}
@string{aa = "Astron.~Astrophys."}

@string{asr = "Adv.~Space~Res."}

@string{ang = "Ann.~Geophys."}

@string{ao = "Appl.~Opt."}

@string{apj="Apj"}

@string{araa="Ann.~Rev.~Astron.~Astrophys."}

@string{asr="Adv.~Space.~Res."}

@string{baas="Bull.~Am.~Astron.~Soc."}

@string{bams="Bull.~Am.~Meteorol.~Soc."}

@string{blm="Boundary-layer Meteorol."}

@string{bpa2 = "Beitr.~Phys.~Atmosph." }

@string{cap="Contrib.~Atmos.~Phys."}

@string{cc  = "Climatic~Change"}

@string{cup  = "Cambridge~University~Press"}

@string{gfd="Geophys.~Fluid~Dyn."}

@string{grl="Geophys.~Res.~Lett."}

@string{ijep= "Int.~J.~Environment and Pollution"}

@string{iaop= "Izvestiya,~Atmos.~Ocean.~Phys."}

@string{ica= "Icarus"}

@string{jam = "J.~Appl.~Met."}

@string{jas = "J.~Atmos.~Sci."}

@string{jfm = "J.~Fluid~Mech."}

@string{jgr = "J.~Geophys.~Res."}

@string{josa = "J.~Opt.~Soc.~Am."}

@string{jpo = "J.~Phys.~Oceanogr."}

@string{jqsrt = "J.~Spectrosc.~Radiat.~Transfer"}

@string{jqsrt="J.~Quant.~Spectrosc.~Radiat.~Transfer"}

@string{jweia="J.~Wind~Eng.~Indust.~Aerodyn."}

@string{lps="Lunar Planet Sci."}

@string{mwr = "Monthly Weather Rev." }

@string{pss="Plan.~Space~Sci."}

@string{ptrsl="Phil.~Trans.~R.~Soc.~London"}

@string{qjr = "Q.~J.~R.~Meteorol.~Soc."}

@string{qjrms="Q.~J.~R.~Meteorol.~Soc."}

@string{rg="Rev.~Geophys."}

@string{sci="Science"}

@string{sjssc="Siam J.~Sci.~Stat.~Comput."}

@string{ssr = "Space Science Rev." }

@string{tel="Tellus"}

@BOOK{kundu,
   author = " Pijush K. Kundu and Ira M. Cohen",
   title= "Fluid Mechanics",
   publisher = "Elsiver",
   year = 2008
   }

\end{thebibliography}